@book{NAbook,
author = {SÃ¼li, Endre and Mayers, D. F. (David Francis)},
address = {Cambridge},
booktitle = {An introduction to numerical analysis},
isbn = {9780521810265},
keywords = {Numerical analysis},
language = {eng},
publisher = {Cambridge University Press},
title = {An introduction to numerical analysis },
year = {2006},
}

@book{CasellaBerger,
author = {Casella, George. and Berger, Roger L.},
address = {Pacific Grove, Calif},
booktitle = {Statistical inference},
edition = {2nd ed.},
isbn = {0534243126},
keywords = {Mathematical statistics ; Probabilities},
language = {eng},
lccn = {2001025794},
publisher = {Duxbury/Thomson Learning},
series = {Duxbury advanced series},
title = {Statistical inference },
year = {2002},
}